@online{AndroidStudio,
title = {Android Studio},
url = {https://developer.android.com/studio?hl=fr}
}

@online{Java,
title = {Java},
url = {https://www.java.com/fr/}}

@online{Sql,
title  = {SQLite},
url = {https://sqlite.org/}}

@online{Looping,
title = {Looping},
url = {https://www.looping-mcd.fr/}}

@online{Plant,
title = {Plant UML},
url = {https://plantuml.com/fr/}}